<record><leader>00000cas a22000007a 4500</leader><controlfield tag="001">24054438</controlfield><controlfield tag="008">910711d18uu1uuunhucr ne      0    0eng d</controlfield><datafield ind1=" " ind2=" " tag="010"><subfield code="a">sn 91063132 </subfield></datafield><datafield ind1=" " ind2=" " tag="040"><subfield code="a">NVH</subfield><subfield code="b">eng</subfield><subfield code="c">NVH</subfield><subfield code="d">MGN</subfield><subfield code="d">OCLCQ</subfield><subfield code="d">OCLCO</subfield></datafield><datafield ind1="1" ind2=" " tag="029"><subfield code="a">AU@</subfield><subfield code="b">000025899146</subfield></datafield><datafield ind1=" " ind2=" " tag="042"><subfield code="a">msc</subfield></datafield><datafield ind1="0" ind2="4" tag="245"><subfield code="a">The Exonian.</subfield></datafield><datafield ind1=" " ind2=" " tag="260"><subfield code="a">Exeter, N.H. :</subfield><subfield code="b">Phillips Exeter Academy</subfield></datafield><datafield ind1=" " ind2=" " tag="300"><subfield code="a">v.</subfield></datafield><datafield ind1=" " ind2=" " tag="310"><subfield code="a">Semiweekly,</subfield><subfield code="b">Oct. 13, 1888-</subfield></datafield><datafield ind1=" " ind2=" " tag="321"><subfield code="a">Weekly (during term time),</subfield><subfield code="b">&lt;Feb. 19, 1887-June 9, 1888&gt;</subfield></datafield><datafield ind1=" " ind2=" " tag="500"><subfield code="a">Publishers: William S. Bradford, &lt;Nov. 2, 1895-&gt;</subfield></datafield><datafield ind1=" " ind2=" " tag="588"><subfield code="a">Description based on: Vol. 27, no. 6 (Feb. 19, 1887).</subfield></datafield><datafield ind1="2" ind2=" " tag="710"><subfield code="a">Phillips Exeter Academy.</subfield></datafield><datafield ind1=" " ind2=" " tag="752"><subfield code="a">United States</subfield><subfield code="b">New Hampshire</subfield><subfield code="c">Rockingham</subfield><subfield code="d">Exeter.</subfield></datafield></record>